<collection xmlns="http://www.loc.gov/MARC21/slim"><record><leader>00783nam  2200241   450</leader><controlfield tag="001">62</controlfield><controlfield tag="003">http://montalegre.opacnet.com/OPAC/default.aspx?ContentAreaControl=ShowRegHoldings.ascx&amp;RegNo=16662</controlfield><controlfield tag="005">20</controlfield><datafield tag="035" ind1=" " ind2=" "><subfield code="c">MPEN002_c/11-11-2004/1979</subfield></datafield><datafield tag="100" ind1=" " ind2=" "><subfield code="a">20010523d1963    k  y0pory010305  ba</subfield></datafield><datafield tag="101" ind1="1" ind2=" "><subfield code="a">por</subfield><subfield code="c">hun</subfield></datafield><datafield tag="102" ind1=" " ind2=" "><subfield code="a">PT</subfield></datafield><datafield tag="200" ind1="1" ind2=" "><subfield code="a">&lt;Os &gt;tijolos</subfield><subfield code="f">Miklos Batori</subfield><subfield code="g">trad.: Augusto Pastor Fernandes</subfield></datafield><datafield tag="210" ind1=" " ind2=" "><subfield code="a">Amadora</subfield><subfield code="c">Bertrand</subfield><subfield code="d">cop. 1963</subfield></datafield><datafield tag="215" ind1=" " ind2=" "><subfield code="a">262 p.</subfield><subfield code="d">19 cm</subfield></datafield><datafield tag="225" ind1="2" ind2=" "><subfield code="a">Autores universais</subfield></datafield><datafield tag="675" ind1=" " ind2=" "><subfield code="a">821</subfield></datafield><datafield tag="700" ind1=" " ind2="1"><subfield code="a">Batori</subfield><subfield code="b">Miklos</subfield></datafield><datafield tag="702" ind1=" " ind2="1"><subfield code="a">Fernandes</subfield><subfield code="b">Augusto Pastor</subfield><subfield code="4">730</subfield></datafield><datafield tag="801" ind1=" " ind2="0"><subfield code="a">PT</subfield><subfield code="b">Biblioteca Municipal de Montalegre</subfield><subfield code="g">RPC</subfield></datafield><datafield tag="856" ind1=" " ind2=" "><subfield code="u">locateMedia.asp?cod=20060508112156&amp;ext=jpg</subfield><subfield code="z">CAPA</subfield></datafield><datafield tag="909" ind1="&#9;" ind2=" "><subfield code="a">3</subfield></datafield><datafield tag="966" ind1=" " ind2=" "><subfield code="a">0008195</subfield><subfield code="l">BMM</subfield><subfield code="s">SCG 821 BAT tij</subfield></datafield><datafield tag="966" ind1=" " ind2=" "><subfield code="a">0008193</subfield><subfield code="l">BMM</subfield><subfield code="s">SCG 821 BAT tij</subfield></datafield><datafield tag="966" ind1=" " ind2=" "><subfield code="a">0008194</subfield><subfield code="l">BMM</subfield><subfield code="s">SCG 821 BAT tij</subfield></datafield></record></collection>